@proceedings{Sibgrapi2017,
	Address = {Niteroi, RJ, Brazil},
	Booktitle = {SIBGRAPI},
	Month = {October},
	Publisher = {{IEEE}},
	Title = {Proceedings of the 30th SIBGRAPI Conference on Graphics, Patterns and Images (SIBGRAPI)},
	Year = {2017}
}
@misc{CynthiaBrewer2013,
    author = {{Cynthia Brewer}},
    title = {{ColorBrewer: Color Advice for Maps}},
    url = {http://colorbrewer2.org/},
    urldate = {2017-06-06},
    year = {2013}
}
@misc{EXAME.COM2015,
    author = {EXAME.COM},
    title = {{Conhe{\c{c}}a 3 cidades inteligentes pelo mundo | EXAME.com - Neg{\'{o}}cios, economia, tecnologia e carreira}},
    url = {http://exame.abril.com.br/tecnologia/conheca-3-cidades-inteligentes-pelo-mundo/},
    urldate = {2017-06-23},
    year = {2015}
}
@misc{ISP2017,
    author = {ISP},
    title = {{Dados Abertos - Instituto de Seguran{\c{c}}a P{\'{u}}blica}},
    url = {http://www.ispdados.rj.gov.br/},
    urldate = {2017-05-10},
    year = {2017}
}

@misc{MikeBostock2017,
  author = {{Mike Bostock}},
  title = {{D3.js - Data-Driven Documents}},
  url = {https://d3js.org/},
  urldate = {2017-04-8},
  year = {2017}
}

@misc{Bootstrap2017,
  author = {Bootstrap},
  title = {{Bootstrap {\textperiodcentered} The world's most popular mobile-first and responsive front-end framework.}},
  url = {http://getbootstrap.com/},
  urldate = {2017-06-9},
  year = {2017}
}

@misc{JQuery2017,
  author = {The JQuery Foundation},
  title = {{JQuery {\textperiodcentered} Write less, do more.}},
  url = {https://jquery.com/},
  urldate = {2017-06-12},
  year = {2017}
}

@misc{SashaTrubetskoy2017,
  author = {Sasha Trubetskoy},
  title = {{List of 20 colors {\textperiodcentered} List of 20 Simple, Distinct Colors.}},
  url = {https://sashat.me/2017/01/11/list-of-20-simple-distinct-colors/},
  urldate = {2017-06-20},
  year = {2017}
}

@misc{Google2017,
  author = {Google},
  title = {{Google Maps JavaScript API | Google Developers}},
  url = {https://developers.google.com/maps/documentation/javascript/?hl=pt-br},
  urldate = {2017-06-06},
  year = {2017}
}

